@article{schapire1999improved,
  title={Improved boosting algorithms using confidence-rated predictions},
  author={Schapire, Robert E and Singer, Yoram},
  journal={Machine learning},
  volume={37},
  number={3},
  pages={297--336},
  year={1999},
  publisher={Springer}
}

@article{liu2017efficient,
  title={An efficient instance selection algorithm to reconstruct training set for support vector machine},
  author={Liu, Chuan and Wang, Wenyong and Wang, Meng and Lv, Fengmao and Konan, Martin},
  journal={Knowledge-Based Systems},
  volume={116},
  pages={58--73},
  year={2017},
  publisher={Elsevier}
}

@inproceedings{bottou2003stochastic,
  title={Stochastic learning},
  author={Bottou, L{\'e}on},
  booktitle={Summer School on Machine Learning},
  pages={146--168},
  year={2003},
  organization={Springer}
}

@inproceedings{geurts2006kernelizing,
  title={Kernelizing the output of tree-based methods},
  author={Geurts, Pierre and Wehenkel, Louis and d'Alch{\'e}-Buc, Florence},
  booktitle={Proceedings of the 23rd international conference on Machine learning},
  pages={345--352},
  year={2006}
}